<record><leader>00000cas a22000007a 4500</leader><controlfield tag="001">10260717</controlfield><controlfield tag="008">840103d19241951njudn ne      0    0eng d</controlfield><datafield ind1=" " ind2=" " tag="010"><subfield code="a">sn 84026051 </subfield></datafield><datafield ind1=" " ind2=" " tag="040"><subfield code="a">NPU</subfield><subfield code="b">eng</subfield><subfield code="c">NPU</subfield><subfield code="d">DLC</subfield><subfield code="d">NPA</subfield><subfield code="d">NJW</subfield><subfield code="d">MGN</subfield><subfield code="d">DLC</subfield><subfield code="d">OCLCF</subfield><subfield code="d">OCLCO</subfield></datafield><datafield ind1="1" ind2=" " tag="029"><subfield code="a">AU@</subfield><subfield code="b">000020417583</subfield></datafield><datafield ind1=" " ind2=" " tag="042"><subfield code="a">msc</subfield></datafield><datafield ind1=" " ind2=" " tag="043"><subfield code="a">n-us-nj</subfield></datafield><datafield ind1="0" ind2="0" tag="050"><subfield code="a">Newspaper 7002</subfield></datafield><datafield ind1="0" ind2="0" tag="245"><subfield code="a">Jersey observer.</subfield></datafield><datafield ind1=" " ind2=" " tag="260"><subfield code="a">Hoboken, N.J. :</subfield><subfield code="b">[Jersey Pub. and Print. Co.],</subfield><subfield code="c">1924-</subfield></datafield><datafield ind1=" " ind2=" " tag="300"><subfield code="a">v.</subfield></datafield><datafield ind1=" " ind2=" " tag="310"><subfield code="a">Daily (except Sunday)</subfield></datafield><datafield ind1="0" ind2=" " tag="362"><subfield code="a">Vol. 32, no. 302 (Jan. 31, 1924)-</subfield></datafield><datafield ind1="1" ind2=" " tag="362"><subfield code="a">Ceased Nov. 16, 1951.</subfield></datafield><datafield ind1=" " ind2=" " tag="500"><subfield code="a">Published by F.A. Seide, &lt;Apr. 13-14, 1945&gt;.</subfield></datafield><datafield ind1=" " ind2=" " tag="500"><subfield code="a">Editions for Union City, N.J. and Jersey City, N.J. were published  1924-&lt;1932&gt;.</subfield></datafield><datafield ind1=" " ind2=" " tag="500"><subfield code="a">A George Washington Bridge edition was published with vol. 40, no. 221  (Oct. 24, 1931).</subfield></datafield><datafield ind1=" " ind2=" " tag="580"><subfield code="a">Merged with: Jersey journal, to form: Jersey journal including all the news services, features and local news of the Jersey observer, and: Jersey observer now in the Jersey journal.</subfield></datafield><datafield ind1=" " ind2="0" tag="651"><subfield code="a">Hoboken (N.J.)</subfield><subfield code="v">Newspapers.</subfield></datafield><datafield ind1=" " ind2="0" tag="651"><subfield code="a">Jersey City (N.J.)</subfield><subfield code="v">Newspapers.</subfield></datafield><datafield ind1=" " ind2="0" tag="651"><subfield code="a">Union City (N.J.)</subfield><subfield code="v">Newspapers.</subfield></datafield><datafield ind1=" " ind2="7" tag="655"><subfield code="a">Newspapers.</subfield><subfield code="2">fast</subfield><subfield code="0">(OCoLC)fst01423814</subfield></datafield><datafield ind1=" " ind2="7" tag="651"><subfield code="a">New Jersey</subfield><subfield code="z">Hoboken.</subfield><subfield code="2">fast</subfield><subfield code="0">(OCoLC)fst01219599</subfield></datafield><datafield ind1=" " ind2="7" tag="651"><subfield code="a">New Jersey</subfield><subfield code="z">Jersey City.</subfield><subfield code="2">fast</subfield><subfield code="0">(OCoLC)fst01207670</subfield></datafield><datafield ind1=" " ind2="7" tag="651"><subfield code="a">New Jersey</subfield><subfield code="z">Union City.</subfield><subfield code="2">fast</subfield><subfield code="0">(OCoLC)fst01233239</subfield></datafield><datafield ind1=" " ind2=" " tag="752"><subfield code="a">United States</subfield><subfield code="b">New Jersey</subfield><subfield code="c">Hudson</subfield><subfield code="d">Hoboken.</subfield></datafield><datafield ind1=" " ind2=" " tag="752"><subfield code="a">United States</subfield><subfield code="b">New Jersey</subfield><subfield code="c">Hudson</subfield><subfield code="d">Jersey City.</subfield></datafield><datafield ind1=" " ind2=" " tag="752"><subfield code="a">United States</subfield><subfield code="b">New Jersey</subfield><subfield code="c">Hudson</subfield><subfield code="d">Union City.</subfield></datafield><datafield ind1="0" ind2="0" tag="780"><subfield code="t">Hudson observer</subfield><subfield code="w">(DLC)sn 85036006</subfield><subfield code="w">(OCoLC)12742540</subfield></datafield><datafield ind1="1" ind2="7" tag="785"><subfield code="t">Jersey journal</subfield><subfield code="w">(DLC)sn 84020453</subfield><subfield code="w">(OCoLC)10806416</subfield></datafield><datafield ind1="1" ind2="7" tag="785"><subfield code="t">Jersey journal including all the news services, features and local news of the Jersey observer</subfield><subfield code="w">(DLC)sn 85036111</subfield><subfield code="w">(OCoLC)12742874</subfield></datafield><datafield ind1="1" ind2="7" tag="785"><subfield code="t">Jersey observer now in the Jersey journal</subfield><subfield code="w">(DLC)sn 85036112</subfield><subfield code="w">(OCoLC)12742869</subfield></datafield></record>